% bmc_article.bib
% 
%  An example of bibtex entries.
%  Entries taken from BMC instructions for authors page.

% uncomment next line to make author-year bibliography
% @settings{label, options="nameyear"}

@article{kohler2021hpo,
    author  = {S Köhler and others}, 
    title   = {The Human Phenotype Ontology in 2021}, 
    journal = {Nucleic Acids Research}, 
    year    = {2021},
    volume  = {49}, 
    number  = {D1},
    pages   = {D1207--D1217},
    doi     = {10.1093/nar/gkaa1043},
    note    = {Disponible en: \url{https://doi.org/10.1093/nar/gkaa1043}}
}    

@article{robinson2008hpo,
    author  = {P N Robinson and others}, 
    title   = {The Human Phenotype Ontology: a tool for annotating and analyzing human hereditary disease}, 
    journal = {American Journal of Human Genetics}, 
    year    = {2008},
    volume  = {83}, 
    number  = {5},
    pages   = {610--615},
    doi     = {10.1016/j.ajhg.2008.09.017},
    note    = {Disponible en: \url{https://doi.org/10.1016/j.ajhg.2008.09.017}}
}

@article{groza2015hpo,
    author  = {T Groza and others}, 
    title   = {The Human Phenotype Ontology: semantic unification of common and rare disease}, 
    journal = {Nucleic Acids Research}, 
    year    = {2015},
    volume  = {43}, 
    number  = {D1},
    pages   = {D865--D872},
    doi     = {10.1093/nar/gku1041},
    note    = {Disponible en: \url{https://doi.org/10.1093/nar/gku1041}}
}    

@article{barabasi2011network,
    author  = {A L Barabási and N Gulbahce and J Loscalzo}, 
    title   = {Network medicine: a network-based approach to human disease}, 
    journal = {Nature Reviews Genetics}, 
    year    = {2011},
    volume  = {12}, 
    number  = {1},
    pages   = {56--68},
    doi     = {10.1038/nrg2918},
    note    = {Disponible en: \url{https://doi.org/10.1038/nrg2918}}
}    

@book{guyton2021physiology,
    author    = {A C Guyton and J E Hall}, 
    title     = {Textbook of Medical Physiology},
    publisher = {Elsevier}, 
    year      = {2021},
    edition   = {14th},
    address   = {Philadelphia}
}    

@article{verbalis2007brain,
    author  = {J G Verbalis}, 
    title   = {How does the brain sense osmolality?}, 
    journal = {Journal of the American Society of Nephrology}, 
    year    = {2007},
    volume  = {18}, 
    number  = {12},
    pages   = {3056--3059},
    doi     = {10.1681/ASN.2007060711},
    note    = {Disponible en: \url{https://doi.org/10.1681/ASN.2007060711}}
}    

@article{antunes2004neuroendocrine,
    author  = {J Antunes-Rodrigues and others}, 
    title   = {Neuroendocrine control of body fluid metabolism}, 
    journal = {Physiological Reviews}, 
    year    = {2004},
    volume  = {84}, 
    number  = {1},
    pages   = {169--208},
    doi     = {10.1152/physrev.00017.2003},
    note    = {Disponible en: \url{https://doi.org/10.1152/physrev.00017.2003}}
}    


@article{blank,
    author  = {}, 
    title   = {},
    journal = {}, 
    year    = {},
    month   = {}, 
    volume  = {}, 
    number  = {}, 
    pages   = {},
    note    = {} 
}    

% Article within a journal
@article{koon,
    author  = {Koonin, E V and Altschul, S F and P Bork}, 
    title   = {BRCA1 protein products: functional motifs}, 
    journal = {Nat. Genet.}, 
    year    = {1996},
    volume  = {13}, 
    pages   = {266-267}
}    

%%%%%%%%
% Article within conference proceedings
@inproceedings{xjon,
    author    = {X Jones}, 
    title     = {Zeolites and synthetic mechanisms},
    booktitle = {Proceedings of the First National Conference on 
                Porous Sieves: 27-30 June 1996; Baltimore},
    year      = {1996},
    editor    = {Y Smith}, 
    pages     = {16-27},
}    

%%%%%%%%
%  Book chapter, or article within a book
@incollection{schn,
    author    = {E Schnepf}, 
    title     = {From prey via endosymbiont to plastids: 
             comparative studies in dinoflagellates},
    booktitle = {Origins of Plastids}, 
    editor    = {R A Lewin}, 
    publisher = {Chapman and Hall},
    pages     = {53-76}, 
    year      = {1993},
    address = {New York}, 
    edition = {2nd} 
}    

%%%%%%%%
% Complete book
@book{marg,
    author    = {L Margulis}, 
    title     = {Origin of Eukaryotic Cells},
    publisher = {Yale University Press}, 
    year      = {1970},
    address   = {New Haven} 
}


%%%%%%%%
% PHD Thesis
@phdthesis{koha,
    author = {R Kohavi}, 
    title  = {Wrappers for performance enhancement and
             obvious decision graphs},
    school = {Stanford University, Computer Science Department},
    year   = {1995}
}

%%%%%%%%
%  Miscellaneous: webpage link/urL, etc/
@misc{issnic,
    author  = {{ISSN International Centre}},
    title = {The ISSN register},
    url = {http://www.issn.org},
    year = {2006},
    urldate={Accessed 20 Feb 2007}
}

